%YAML 1.1
%TAG !u! tag:unity3d.com,2011:
--- !u!1 &492744460022811199
GameObject:
  m_ObjectHideFlags: 0
  m_CorrespondingSourceObject: {fileID: 0}
  m_PrefabInstance: {fileID: 0}
  m_PrefabAsset: {fileID: 0}
  serializedVersion: 6
  m_Component:
  - component: {fileID: 492744460022811196}
  - component: {fileID: 4458159970476781322}
  - component: {fileID: 492744460022811197}
  - component: {fileID: 492744460065244248}
  - component: {fileID: 3224405913649802416}
  - component: {fileID: 1133445254856189887}
  - component: {fileID: 6253321474914850310}
  - component: {fileID: 1051383397882187481}
  - component: {fileID: 8326046322267158588}
  - component: {fileID: 59281002}
  - component: {fileID: 59281003}
  m_Layer: 0
  m_Name: Prefab_DEBUG_Player
  m_TagString: Untagged
  m_Icon: {fileID: 0}
  m_NavMeshLayer: 0
  m_StaticEditorFlags: 0
  m_IsActive: 1
--- !u!4 &492744460022811196
Transform:
  m_ObjectHideFlags: 0
  m_CorrespondingSourceObject: {fileID: 0}
  m_PrefabInstance: {fileID: 0}
  m_PrefabAsset: {fileID: 0}
  m_GameObject: {fileID: 492744460022811199}
  m_LocalRotation: {x: 0, y: 0, z: 0, w: 1}
  m_LocalPosition: {x: 0, y: 0, z: 4.4}
  m_LocalScale: {x: 1, y: 1, z: 1}
  m_Children:
  - {fileID: 8926667925917948581}
  - {fileID: 6043476519064663837}
  m_Father: {fileID: 0}
  m_RootOrder: 0
  m_LocalEulerAnglesHint: {x: 0, y: 0, z: 0}
--- !u!114 &4458159970476781322
MonoBehaviour:
  m_ObjectHideFlags: 0
  m_CorrespondingSourceObject: {fileID: 0}
  m_PrefabInstance: {fileID: 0}
  m_PrefabAsset: {fileID: 0}
  m_GameObject: {fileID: 492744460022811199}
  m_Enabled: 1
  m_EditorHideFlags: 0
  m_Script: {fileID: 11500000, guid: d443aa2320dbe1144b754825f4340d80, type: 3}
  m_Name: 
  m_EditorClassIdentifier: 
  stats: []
--- !u!114 &492744460022811197
MonoBehaviour:
  m_ObjectHideFlags: 0
  m_CorrespondingSourceObject: {fileID: 0}
  m_PrefabInstance: {fileID: 0}
  m_PrefabAsset: {fileID: 0}
  m_GameObject: {fileID: 492744460022811199}
  m_Enabled: 1
  m_EditorHideFlags: 0
  m_Script: {fileID: 11500000, guid: b334c8638d56f3048b67df6d9bec106c, type: 3}
  m_Name: 
  m_EditorClassIdentifier: 
  grabLedgeBehaviour: {fileID: 492744460065244248}
  collisionBehaviour: {fileID: 1051383397882187481}
  baseMovementSpeed: 2
  movementSpeedPerSPD: 0.3
  jumpHeight: 2.25
  jumpStopSpeed: 15
  safeAirTime: 0.15
--- !u!114 &492744460065244248
MonoBehaviour:
  m_ObjectHideFlags: 0
  m_CorrespondingSourceObject: {fileID: 0}
  m_PrefabInstance: {fileID: 0}
  m_PrefabAsset: {fileID: 0}
  m_GameObject: {fileID: 492744460022811199}
  m_Enabled: 1
  m_EditorHideFlags: 0
  m_Script: {fileID: 11500000, guid: 2235db12080804045b5b597c292f9db9, type: 3}
  m_Name: 
  m_EditorClassIdentifier: 
  collisionBehaviour: {fileID: 1051383397882187481}
  ledgeMask:
    serializedVersion: 2
    m_Bits: 256
  ledgeGrabOffset: {x: 0, y: 0.65}
  ledgeUpperBoundCheckOffset: {x: 0, y: 1.01}
  ledgeGrabDistance: 0.5
  ledgeGrabCooldown: 0.28
--- !u!114 &3224405913649802416
MonoBehaviour:
  m_ObjectHideFlags: 0
  m_CorrespondingSourceObject: {fileID: 0}
  m_PrefabInstance: {fileID: 0}
  m_PrefabAsset: {fileID: 0}
  m_GameObject: {fileID: 492744460022811199}
  m_Enabled: 1
  m_EditorHideFlags: 0
  m_Script: {fileID: 11500000, guid: 5181462e7c3949e418b7a2eda2de3810, type: 3}
  m_Name: 
  m_EditorClassIdentifier: 
  attackOffset: {x: 0.8, y: 0.5}
  attackSpeedBase: 1.2
  attackRangeBase: 0.5
  hitMask:
    serializedVersion: 2
    m_Bits: 1024
--- !u!114 &1133445254856189887
MonoBehaviour:
  m_ObjectHideFlags: 0
  m_CorrespondingSourceObject: {fileID: 0}
  m_PrefabInstance: {fileID: 0}
  m_PrefabAsset: {fileID: 0}
  m_GameObject: {fileID: 492744460022811199}
  m_Enabled: 1
  m_EditorHideFlags: 0
  m_Script: {fileID: 11500000, guid: 13021b0bcc38cf645b1bbfe9229e0ff7, type: 3}
  m_Name: 
  m_EditorClassIdentifier: 
  interactionOffset: {x: 0, y: 0.5}
  interactionRange: 0.75
  interactionMask:
    serializedVersion: 2
    m_Bits: 2048
--- !u!114 &6253321474914850310
MonoBehaviour:
  m_ObjectHideFlags: 0
  m_CorrespondingSourceObject: {fileID: 0}
  m_PrefabInstance: {fileID: 0}
  m_PrefabAsset: {fileID: 0}
  m_GameObject: {fileID: 492744460022811199}
  m_Enabled: 1
  m_EditorHideFlags: 0
  m_Script: {fileID: 11500000, guid: dcf0aece58a70a344b6d0ac7affdb686, type: 3}
  m_Name: 
  m_EditorClassIdentifier: 
  anim: {fileID: 6043476519074240719}
  targetModel: {fileID: 6043476519064663837}
--- !u!114 &1051383397882187481
MonoBehaviour:
  m_ObjectHideFlags: 0
  m_CorrespondingSourceObject: {fileID: 0}
  m_PrefabInstance: {fileID: 0}
  m_PrefabAsset: {fileID: 0}
  m_GameObject: {fileID: 492744460022811199}
  m_Enabled: 1
  m_EditorHideFlags: 0
  m_Script: {fileID: 11500000, guid: c872bc83d28870f4ba31e7a13743de46, type: 3}
  m_Name: 
  m_EditorClassIdentifier: 
  collisionOffset: {x: 0, y: 0.04, z: 0}
  collisionMask:
    serializedVersion: 2
    m_Bits: 256
  collisionRadius: 0.09
--- !u!114 &8326046322267158588
MonoBehaviour:
  m_ObjectHideFlags: 0
  m_CorrespondingSourceObject: {fileID: 0}
  m_PrefabInstance: {fileID: 0}
  m_PrefabAsset: {fileID: 0}
  m_GameObject: {fileID: 492744460022811199}
  m_Enabled: 1
  m_EditorHideFlags: 0
  m_Script: {fileID: 11500000, guid: 44755adb55e21324fbf14163625c81dc, type: 3}
  m_Name: 
  m_EditorClassIdentifier: 
--- !u!54 &59281002
Rigidbody:
  m_ObjectHideFlags: 0
  m_CorrespondingSourceObject: {fileID: 0}
  m_PrefabInstance: {fileID: 0}
  m_PrefabAsset: {fileID: 0}
  m_GameObject: {fileID: 492744460022811199}
  serializedVersion: 2
  m_Mass: 1
  m_Drag: 0
  m_AngularDrag: 0.05
  m_UseGravity: 1
  m_IsKinematic: 0
  m_Interpolate: 0
  m_Constraints: 120
  m_CollisionDetection: 0
--- !u!136 &59281003
CapsuleCollider:
  m_ObjectHideFlags: 0
  m_CorrespondingSourceObject: {fileID: 0}
  m_PrefabInstance: {fileID: 0}
  m_PrefabAsset: {fileID: 0}
  m_GameObject: {fileID: 492744460022811199}
  m_Material: {fileID: 13400000, guid: f1d47505acdc0af4cbc866038e716e1d, type: 2}
  m_IsTrigger: 0
  m_Enabled: 1
  m_Radius: 0.13351308
  m_Height: 1
  m_Direction: 1
  m_Center: {x: 0, y: 0.5, z: 0}
--- !u!1 &2876272443072784922
GameObject:
  m_ObjectHideFlags: 0
  m_CorrespondingSourceObject: {fileID: 0}
  m_PrefabInstance: {fileID: 0}
  m_PrefabAsset: {fileID: 0}
  serializedVersion: 6
  m_Component:
  - component: {fileID: 8926667925917948581}
  - component: {fileID: 7126762994465025413}
  m_Layer: 0
  m_Name: Light
  m_TagString: Untagged
  m_Icon: {fileID: 0}
  m_NavMeshLayer: 0
  m_StaticEditorFlags: 0
  m_IsActive: 1
--- !u!4 &8926667925917948581
Transform:
  m_ObjectHideFlags: 0
  m_CorrespondingSourceObject: {fileID: 0}
  m_PrefabInstance: {fileID: 0}
  m_PrefabAsset: {fileID: 0}
  m_GameObject: {fileID: 2876272443072784922}
  m_LocalRotation: {x: 0, y: 0, z: 0, w: 1}
  m_LocalPosition: {x: 0, y: 1.29, z: -6.522}
  m_LocalScale: {x: 1, y: 1, z: 1}
  m_Children: []
  m_Father: {fileID: 492744460022811196}
  m_RootOrder: 0
  m_LocalEulerAnglesHint: {x: 0, y: 0, z: 0}
--- !u!108 &7126762994465025413
Light:
  m_ObjectHideFlags: 0
  m_CorrespondingSourceObject: {fileID: 0}
  m_PrefabInstance: {fileID: 0}
  m_PrefabAsset: {fileID: 0}
  m_GameObject: {fileID: 2876272443072784922}
  m_Enabled: 1
  serializedVersion: 10
  m_Type: 0
  m_Shape: 0
  m_Color: {r: 1, g: 0.9794188, b: 0.9308176, a: 1}
  m_Intensity: 15
  m_Range: 15.538855
  m_SpotAngle: 135.70773
  m_InnerSpotAngle: 0
  m_CookieSize: 10
  m_Shadows:
    m_Type: 2
    m_Resolution: -1
    m_CustomResolution: -1
    m_Strength: 1
    m_Bias: 0.05
    m_NormalBias: 0.4
    m_NearPlane: 0.2
    m_CullingMatrixOverride:
      e00: 1
      e01: 0
      e02: 0
      e03: 0
      e10: 0
      e11: 1
      e12: 0
      e13: 0
      e20: 0
      e21: 0
      e22: 1
      e23: 0
      e30: 0
      e31: 0
      e32: 0
      e33: 1
    m_UseCullingMatrixOverride: 0
  m_Cookie: {fileID: 0}
  m_DrawHalo: 0
  m_Flare: {fileID: 0}
  m_RenderMode: 0
  m_CullingMask:
    serializedVersion: 2
    m_Bits: 4294967295
  m_RenderingLayerMask: 1
  m_Lightmapping: 4
  m_LightShadowCasterMode: 0
  m_AreaSize: {x: 1, y: 1}
  m_BounceIntensity: 0
  m_ColorTemperature: 6570
  m_UseColorTemperature: 0
  m_BoundingSphereOverride: {x: 0, y: 0, z: 0, w: 0}
  m_UseBoundingSphereOverride: 0
  m_ShadowRadius: 0
  m_ShadowAngle: 0
--- !u!1 &6043476519064758929
GameObject:
  m_ObjectHideFlags: 0
  m_CorrespondingSourceObject: {fileID: 0}
  m_PrefabInstance: {fileID: 0}
  m_PrefabAsset: {fileID: 0}
  serializedVersion: 6
  m_Component:
  - component: {fileID: 6043476519064663729}
  m_Layer: 0
  m_Name: B_L_Finger2
  m_TagString: Untagged
  m_Icon: {fileID: 0}
  m_NavMeshLayer: 0
  m_StaticEditorFlags: 0
  m_IsActive: 1
--- !u!4 &6043476519064663729
Transform:
  m_ObjectHideFlags: 0
  m_CorrespondingSourceObject: {fileID: 0}
  m_PrefabInstance: {fileID: 0}
  m_PrefabAsset: {fileID: 0}
  m_GameObject: {fileID: 6043476519064758929}
  m_LocalRotation: {x: -0.00039814686, y: 0.00000019179905, z: 0.00000013418682, w: 0.99999994}
  m_LocalPosition: {x: -0.06926059, y: -0.010530304, z: -0.0035974141}
  m_LocalScale: {x: 1, y: 1.0000002, z: 0.9999999}
  m_Children:
  - {fileID: 6043476519064663695}
  m_Father: {fileID: 6043476519064663811}
  m_RootOrder: 2
  m_LocalEulerAnglesHint: {x: 0, y: 0, z: 0}
--- !u!1 &6043476519064758931
GameObject:
  m_ObjectHideFlags: 0
  m_CorrespondingSourceObject: {fileID: 0}
  m_PrefabInstance: {fileID: 0}
  m_PrefabAsset: {fileID: 0}
  serializedVersion: 6
  m_Component:
  - component: {fileID: 6043476519064663731}
  m_Layer: 0
  m_Name: B_L_Finger12
  m_TagString: Untagged
  m_Icon: {fileID: 0}
  m_NavMeshLayer: 0
  m_StaticEditorFlags: 0
  m_IsActive: 1
--- !u!4 &6043476519064663731
Transform:
  m_ObjectHideFlags: 0
  m_CorrespondingSourceObject: {fileID: 0}
  m_PrefabInstance: {fileID: 0}
  m_PrefabAsset: {fileID: 0}
  m_GameObject: {fileID: 6043476519064758931}
  m_LocalRotation: {x: 0.00000017980977, y: -0.000000011696499, z: -0.11640199, w: 0.9932022}
  m_LocalPosition: {x: -0.021755494, y: -0.000000091552735, z: -0.00000009536743}
  m_LocalScale: {x: 0.9999999, y: 1.0000001, z: 1}
  m_Children: []
  m_Father: {fileID: 6043476519064663867}
  m_RootOrder: 0
  m_LocalEulerAnglesHint: {x: 0, y: 0, z: 0}
--- !u!1 &6043476519064758933
GameObject:
  m_ObjectHideFlags: 0
  m_CorrespondingSourceObject: {fileID: 0}
  m_PrefabInstance: {fileID: 0}
  m_PrefabAsset: {fileID: 0}
  serializedVersion: 6
  m_Component:
  - component: {fileID: 6043476519064663733}
  m_Layer: 0
  m_Name: B_L_Finger02
  m_TagString: Untagged
  m_Icon: {fileID: 0}
  m_NavMeshLayer: 0
  m_StaticEditorFlags: 0
  m_IsActive: 1
--- !u!4 &6043476519064663733
Transform:
  m_ObjectHideFlags: 0
  m_CorrespondingSourceObject: {fileID: 0}
  m_PrefabInstance: {fileID: 0}
  m_PrefabAsset: {fileID: 0}
  m_GameObject: {fileID: 6043476519064758933}
  m_LocalRotation: {x: -0.000000029570865, y: -2.8511832e-10, z: -0.116402075, w: 0.9932022}
  m_LocalPosition: {x: -0.019468354, y: 0.00000003051758, z: 0.000000091552735}
  m_LocalScale: {x: 1.0000001, y: 1.0000001, z: 1}
  m_Children: []
  m_Father: {fileID: 6043476519064663833}
  m_RootOrder: 0
  m_LocalEulerAnglesHint: {x: 0, y: 0, z: 0}
--- !u!1 &6043476519064758977
GameObject:
  m_ObjectHideFlags: 0
  m_CorrespondingSourceObject: {fileID: 0}
  m_PrefabInstance: {fileID: 0}
  m_PrefabAsset: {fileID: 0}
  serializedVersion: 6
  m_Component:
  - component: {fileID: 6043476519064663777}
  m_Layer: 0
  m_Name: Motion
  m_TagString: Untagged
  m_Icon: {fileID: 0}
  m_NavMeshLayer: 0
  m_StaticEditorFlags: 0
  m_IsActive: 1
--- !u!4 &6043476519064663777
Transform:
  m_ObjectHideFlags: 0
  m_CorrespondingSourceObject: {fileID: 0}
  m_PrefabInstance: {fileID: 0}
  m_PrefabAsset: {fileID: 0}
  m_GameObject: {fileID: 6043476519064758977}
  m_LocalRotation: {x: -0.50000036, y: 0.49999967, z: 0.49999967, w: 0.50000036}
  m_LocalPosition: {x: -0.00000000397034, y: 0, z: -0.0006931595}
  m_LocalScale: {x: 1, y: 1, z: 1}
  m_Children:
  - {fileID: 6043476519064663861}
  m_Father: {fileID: 6043476519064663837}
  m_RootOrder: 0
  m_LocalEulerAnglesHint: {x: 0, y: 0, z: 0}
--- !u!1 &6043476519064758979
GameObject:
  m_ObjectHideFlags: 0
  m_CorrespondingSourceObject: {fileID: 0}
  m_PrefabInstance: {fileID: 0}
  m_PrefabAsset: {fileID: 0}
  serializedVersion: 6
  m_Component:
  - component: {fileID: 6043476519064663779}
  m_Layer: 0
  m_Name: B_Spine2
  m_TagString: Untagged
  m_Icon: {fileID: 0}
  m_NavMeshLayer: 0
  m_StaticEditorFlags: 0
  m_IsActive: 1
--- !u!4 &6043476519064663779
Transform:
  m_ObjectHideFlags: 0
  m_CorrespondingSourceObject: {fileID: 0}
  m_PrefabInstance: {fileID: 0}
  m_PrefabAsset: {fileID: 0}
  m_GameObject: {fileID: 6043476519064758979}
  m_LocalRotation: {x: -0.00000071488364, y: 0.000000081770736, z: -0.032254126, w: 0.9994797}
  m_LocalPosition: {x: -0.10107752, y: -0.00006419373, z: -1.1683733e-10}
  m_LocalScale: {x: 1.0000002, y: 1.0000002, z: 1}
  m_Children:
  - {fileID: 6043476519064663919}
  - {fileID: 6043476519064663915}
  - {fileID: 6043476519064663913}
  m_Father: {fileID: 6043476519064663865}
  m_RootOrder: 0
  m_LocalEulerAnglesHint: {x: 0, y: 0, z: 0}
--- !u!1 &6043476519064758981
GameObject:
  m_ObjectHideFlags: 0
  m_CorrespondingSourceObject: {fileID: 0}
  m_PrefabInstance: {fileID: 0}
  m_PrefabAsset: {fileID: 0}
  serializedVersion: 6
  m_Component:
  - component: {fileID: 6043476519064663781}
  m_Layer: 0
  m_Name: B_R_Toe0
  m_TagString: Untagged
  m_Icon: {fileID: 0}
  m_NavMeshLayer: 0
  m_StaticEditorFlags: 0
  m_IsActive: 1
--- !u!4 &6043476519064663781
Transform:
  m_ObjectHideFlags: 0
  m_CorrespondingSourceObject: {fileID: 0}
  m_PrefabInstance: {fileID: 0}
  m_PrefabAsset: {fileID: 0}
  m_GameObject: {fileID: 6043476519064758981}
  m_LocalRotation: {x: 0.000000017061478, y: -0.00000005852579, z: -0.7132062, w: 0.7009543}
  m_LocalPosition: {x: -0.059651874, y: 0.097106725, z: 0.0008715516}
  m_LocalScale: {x: 1, y: 1.0000001, z: 1}
  m_Children: []
  m_Father: {fileID: 6043476519064663845}
  m_RootOrder: 0
  m_LocalEulerAnglesHint: {x: 0, y: 0, z: 0}
--- !u!1 &6043476519064758983
GameObject:
  m_ObjectHideFlags: 0
  m_CorrespondingSourceObject: {fileID: 0}
  m_PrefabInstance: {fileID: 0}
  m_PrefabAsset: {fileID: 0}
  serializedVersion: 6
  m_Component:
  - component: {fileID: 6043476519064663783}
  m_Layer: 0
  m_Name: B_R_Finger42
  m_TagString: Untagged
  m_Icon: {fileID: 0}
  m_NavMeshLayer: 0
  m_StaticEditorFlags: 0
  m_IsActive: 1
--- !u!4 &6043476519064663783
Transform:
  m_ObjectHideFlags: 0
  m_CorrespondingSourceObject: {fileID: 0}
  m_PrefabInstance: {fileID: 0}
  m_PrefabAsset: {fileID: 0}
  m_GameObject: {fileID: 6043476519064758983}
  m_LocalRotation: {x: 0.0000000067198322, y: -0.00000007392792, z: -0.116401985, w: 0.9932022}
  m_LocalPosition: {x: -0.01812964, y: 0.000000091552735, z: -0.00000002861023}
  m_LocalScale: {x: 0.9999999, y: 1.0000002, z: 1}
  m_Children: []
  m_Father: {fileID: 6043476519064663785}
  m_RootOrder: 0
  m_LocalEulerAnglesHint: {x: 0, y: 0, z: 0}
--- !u!1 &6043476519064758985
GameObject:
  m_ObjectHideFlags: 0
  m_CorrespondingSourceObject: {fileID: 0}
  m_PrefabInstance: {fileID: 0}
  m_PrefabAsset: {fileID: 0}
  serializedVersion: 6
  m_Component:
  - component: {fileID: 6043476519064663785}
  m_Layer: 0
  m_Name: B_R_Finger41
  m_TagString: Untagged
  m_Icon: {fileID: 0}
  m_NavMeshLayer: 0
  m_StaticEditorFlags: 0
  m_IsActive: 1
--- !u!4 &6043476519064663785
Transform:
  m_ObjectHideFlags: 0
  m_CorrespondingSourceObject: {fileID: 0}
  m_PrefabInstance: {fileID: 0}
  m_PrefabAsset: {fileID: 0}
  m_GameObject: {fileID: 6043476519064758985}
  m_LocalRotation: {x: -0.000000042015945, y: -0.00000009447161, z: -0.116402015, w: 0.9932022}
  m_LocalPosition: {x: -0.018129366, y: 0.00000006103516, z: 0.00000011253358}
  m_LocalScale: {x: 1.0000005, y: 1, z: 1.0000001}
  m_Children:
  - {fileID: 6043476519064663783}
  m_Father: {fileID: 6043476519064663787}
  m_RootOrder: 0
  m_LocalEulerAnglesHint: {x: 0, y: 0, z: 0}
--- !u!1 &6043476519064758987
GameObject:
  m_ObjectHideFlags: 0
  m_CorrespondingSourceObject: {fileID: 0}
  m_PrefabInstance: {fileID: 0}
  m_PrefabAsset: {fileID: 0}
  serializedVersion: 6
  m_Component:
  - component: {fileID: 6043476519064663787}
  m_Layer: 0
  m_Name: B_R_Finger4
  m_TagString: Untagged
  m_Icon: {fileID: 0}
  m_NavMeshLayer: 0
  m_StaticEditorFlags: 0
  m_IsActive: 1
--- !u!4 &6043476519064663787
Transform:
  m_ObjectHideFlags: 0
  m_CorrespondingSourceObject: {fileID: 0}
  m_PrefabInstance: {fileID: 0}
  m_PrefabAsset: {fileID: 0}
  m_GameObject: {fileID: 6043476519064758987}
  m_LocalRotation: {x: 0.00039836267, y: -0.000000040966313, z: 0.00000002981864, w: 0.99999994}
  m_LocalPosition: {x: -0.06926063, y: -0.01050525, z: -0.027957287}
  m_LocalScale: {x: 1.0000001, y: 1.000001, z: 1.000001}
  m_Children:
  - {fileID: 6043476519064663785}
  m_Father: {fileID: 6043476519064663823}
  m_RootOrder: 4
  m_LocalEulerAnglesHint: {x: 0, y: 0, z: 0}
--- !u!1 &6043476519064758989
GameObject:
  m_ObjectHideFlags: 0
  m_CorrespondingSourceObject: {fileID: 0}
  m_PrefabInstance: {fileID: 0}
  m_PrefabAsset: {fileID: 0}
  serializedVersion: 6
  m_Component:
  - component: {fileID: 6043476519064663789}
  m_Layer: 0
  m_Name: B_R_Finger32
  m_TagString: Untagged
  m_Icon: {fileID: 0}
  m_NavMeshLayer: 0
  m_StaticEditorFlags: 0
  m_IsActive: 1
--- !u!4 &6043476519064663789
Transform:
  m_ObjectHideFlags: 0
  m_CorrespondingSourceObject: {fileID: 0}
  m_PrefabInstance: {fileID: 0}
  m_PrefabAsset: {fileID: 0}
  m_GameObject: {fileID: 6043476519064758989}
  m_LocalRotation: {x: 0.000000263825, y: -0.000000027169165, z: -0.11640203, w: 0.9932022}
  m_LocalPosition: {x: -0.021755524, y: -0.000000091552735, z: -0.0000000705719}
  m_LocalScale: {x: 0.9999998, y: 1.0000001, z: 1.0000005}
  m_Children: []
  m_Father: {fileID: 6043476519064663791}
  m_RootOrder: 0
  m_LocalEulerAnglesHint: {x: 0, y: 0, z: 0}
--- !u!1 &6043476519064758991
GameObject:
  m_ObjectHideFlags: 0
  m_CorrespondingSourceObject: {fileID: 0}
  m_PrefabInstance: {fileID: 0}
  m_PrefabAsset: {fileID: 0}
  serializedVersion: 6
  m_Component:
  - component: {fileID: 6043476519064663791}
  m_Layer: 0
  m_Name: B_R_Finger31
  m_TagString: Untagged
  m_Icon: {fileID: 0}
  m_NavMeshLayer: 0
  m_StaticEditorFlags: 0
  m_IsActive: 1
--- !u!4 &6043476519064663791
Transform:
  m_ObjectHideFlags: 0
  m_CorrespondingSourceObject: {fileID: 0}
  m_PrefabInstance: {fileID: 0}
  m_PrefabAsset: {fileID: 0}
  m_GameObject: {fileID: 6043476519064758991}
  m_LocalRotation: {x: 0.000000006519234, y: 0.00000008362866, z: -0.11640204, w: 0.9932022}
  m_LocalPosition: {x: -0.021755356, y: -0.00000006103516, z: 0}
  m_LocalScale: {x: 1.0000001, y: 1.0000001, z: 1.0000002}
  m_Children:
  - {fileID: 6043476519064663789}
  m_Father: {fileID: 6043476519064663697}
  m_RootOrder: 0
  m_LocalEulerAnglesHint: {x: 0, y: 0, z: 0}
--- !u!1 &6043476519064759005
GameObject:
  m_ObjectHideFlags: 0
  m_CorrespondingSourceObject: {fileID: 0}
  m_PrefabInstance: {fileID: 0}
  m_PrefabAsset: {fileID: 0}
  serializedVersion: 6
  m_Component:
  - component: {fileID: 6043476519064663805}
  - component: {fileID: 6043476519069967883}
  m_Layer: 0
  m_Name: RPG-Character-Mesh
  m_TagString: Untagged
  m_Icon: {fileID: 0}
  m_NavMeshLayer: 0
  m_StaticEditorFlags: 0
  m_IsActive: 1
--- !u!4 &6043476519064663805
Transform:
  m_ObjectHideFlags: 0
  m_CorrespondingSourceObject: {fileID: 0}
  m_PrefabInstance: {fileID: 0}
  m_PrefabAsset: {fileID: 0}
  m_GameObject: {fileID: 6043476519064759005}
  m_LocalRotation: {x: -0.7071068, y: 0, z: -0, w: 0.7071068}
  m_LocalPosition: {x: -0.000103869446, y: 0, z: 0}
  m_LocalScale: {x: 1, y: 1, z: 1}
  m_Children: []
  m_Father: {fileID: 6043476519064663837}
  m_RootOrder: 1
  m_LocalEulerAnglesHint: {x: 0, y: 0, z: 0}
--- !u!137 &6043476519069967883
SkinnedMeshRenderer:
  m_ObjectHideFlags: 0
  m_CorrespondingSourceObject: {fileID: 0}
  m_PrefabInstance: {fileID: 0}
  m_PrefabAsset: {fileID: 0}
  m_GameObject: {fileID: 6043476519064759005}
  m_Enabled: 1
  m_CastShadows: 1
  m_ReceiveShadows: 1
  m_DynamicOccludee: 1
  m_MotionVectors: 1
  m_LightProbeUsage: 1
  m_ReflectionProbeUsage: 1
  m_RayTracingMode: 3
  m_RayTraceProcedural: 0
  m_RenderingLayerMask: 1
  m_RendererPriority: 0
  m_Materials:
  - {fileID: 2100000, guid: 1699572e8e4636148ae5851cd0667527, type: 2}
  m_StaticBatchInfo:
    firstSubMesh: 0
    subMeshCount: 0
  m_StaticBatchRoot: {fileID: 0}
  m_ProbeAnchor: {fileID: 0}
  m_LightProbeVolumeOverride: {fileID: 0}
  m_ScaleInLightmap: 1
  m_ReceiveGI: 1
  m_PreserveUVs: 0
  m_IgnoreNormalsForChartDetection: 0
  m_ImportantGI: 0
  m_StitchLightmapSeams: 1
  m_SelectedEditorRenderState: 3
  m_MinimumChartSize: 4
  m_AutoUVMaxDistance: 0.5
  m_AutoUVMaxAngle: 89
  m_LightmapParameters: {fileID: 0}
  m_SortingLayerID: 0
  m_SortingLayer: 0
  m_SortingOrder: 0
  serializedVersion: 2
  m_Quality: 0
  m_UpdateWhenOffscreen: 0
  m_SkinnedMotionVectors: 1
  m_Mesh: {fileID: 4300014, guid: e42d9259129992a4d95e0b320ca2a43d, type: 3}
  m_Bones:
  - {fileID: 6043476519064663865}
  - {fileID: 6043476519064663779}
  - {fileID: 6043476519064663869}
  - {fileID: 6043476519064663839}
  - {fileID: 6043476519064663915}
  - {fileID: 6043476519064663851}
  - {fileID: 6043476519064663819}
  - {fileID: 6043476519064663817}
  - {fileID: 6043476519064663861}
  - {fileID: 6043476519064663863}
  - {fileID: 6043476519064663777}
  - {fileID: 6043476519064663821}
  - {fileID: 6043476519064663711}
  - {fileID: 6043476519064663809}
  - {fileID: 6043476519064663919}
  - {fileID: 6043476519064663811}
  - {fileID: 6043476519064663843}
  - {fileID: 6043476519064663841}
  - {fileID: 6043476519064663845}
  - {fileID: 6043476519064663781}
  - {fileID: 6043476519064663871}
  - {fileID: 6043476519064663913}
  - {fileID: 6043476519064663823}
  - {fileID: 6043476519064663857}
  - {fileID: 6043476519064663859}
  - {fileID: 6043476519064663707}
  - {fileID: 6043476519064663847}
  - {fileID: 6043476519064663703}
  - {fileID: 6043476519064663849}
  - {fileID: 6043476519064663835}
  - {fileID: 6043476519064663831}
  - {fileID: 6043476519064663729}
  - {fileID: 6043476519064663867}
  - {fileID: 6043476519064663733}
  - {fileID: 6043476519064663691}
  - {fileID: 6043476519064663689}
  - {fileID: 6043476519064663685}
  - {fileID: 6043476519064663683}
  - {fileID: 6043476519064663681}
  - {fileID: 6043476519064663833}
  - {fileID: 6043476519064663695}
  - {fileID: 6043476519064663731}
  - {fileID: 6043476519064663693}
  - {fileID: 6043476519064663687}
  - {fileID: 6043476519064663697}
  - {fileID: 6043476519064663791}
  - {fileID: 6043476519064663787}
  - {fileID: 6043476519064663785}
  - {fileID: 6043476519064663783}
  - {fileID: 6043476519064663701}
  - {fileID: 6043476519064663705}
  - {fileID: 6043476519064663699}
  - {fileID: 6043476519064663789}
  m_BlendShapeWeights: []
  m_RootBone: {fileID: 6043476519064663777}
  m_AABB:
    m_Center: {x: -0.009175286, y: 0.00010386109, z: 0.51424885}
    m_Extent: {x: 0.11462273, y: 0.35567683, z: 0.522038}
  m_DirtyAABB: 0
--- !u!1 &6043476519064759009
GameObject:
  m_ObjectHideFlags: 0
  m_CorrespondingSourceObject: {fileID: 0}
  m_PrefabInstance: {fileID: 0}
  m_PrefabAsset: {fileID: 0}
  serializedVersion: 6
  m_Component:
  - component: {fileID: 6043476519064663681}
  m_Layer: 0
  m_Name: B_L_Finger42
  m_TagString: Untagged
  m_Icon: {fileID: 0}
  m_NavMeshLayer: 0
  m_StaticEditorFlags: 0
  m_IsActive: 1
--- !u!4 &6043476519064663681
Transform:
  m_ObjectHideFlags: 0
  m_CorrespondingSourceObject: {fileID: 0}
  m_PrefabInstance: {fileID: 0}
  m_PrefabAsset: {fileID: 0}
  m_GameObject: {fileID: 6043476519064759009}
  m_LocalRotation: {x: 0.00000001035176, y: 0.00000031385304, z: -0.116401784, w: 0.9932022}
  m_LocalPosition: {x: -0.018129425, y: -0.00000012207032, z: -0.000000082015994}
  m_LocalScale: {x: 0.9999996, y: 0.9999997, z: 0.9999998}
  m_Children: []
  m_Father: {fileID: 6043476519064663683}
  m_RootOrder: 0
  m_LocalEulerAnglesHint: {x: 0, y: 0, z: 0}
--- !u!1 &6043476519064759011
GameObject:
  m_ObjectHideFlags: 0
  m_CorrespondingSourceObject: {fileID: 0}
  m_PrefabInstance: {fileID: 0}
  m_PrefabAsset: {fileID: 0}
  serializedVersion: 6
  m_Component:
  - component: {fileID: 6043476519064663683}
  m_Layer: 0
  m_Name: B_L_Finger41
  m_TagString: Untagged
  m_Icon: {fileID: 0}
  m_NavMeshLayer: 0
  m_StaticEditorFlags: 0
  m_IsActive: 1
--- !u!4 &6043476519064663683
Transform:
  m_ObjectHideFlags: 0
  m_CorrespondingSourceObject: {fileID: 0}
  m_PrefabInstance: {fileID: 0}
  m_PrefabAsset: {fileID: 0}
  m_GameObject: {fileID: 6043476519064759011}
  m_LocalRotation: {x: 0.00000009308119, y: 0.00000033416345, z: -0.11640231, w: 0.99320215}
  m_LocalPosition: {x: -0.018129548, y: 0.00000012207032, z: 0.00000006103516}
  m_LocalScale: {x: 1, y: 1.0000001, z: 0.99999964}
  m_Children:
  - {fileID: 6043476519064663681}
  m_Father: {fileID: 6043476519064663685}
  m_RootOrder: 0
  m_LocalEulerAnglesHint: {x: 0, y: 0, z: 0}
--- !u!1 &6043476519064759013
GameObject:
  m_ObjectHideFlags: 0
  m_CorrespondingSourceObject: {fileID: 0}
  m_PrefabInstance: {fileID: 0}
  m_PrefabAsset: {fileID: 0}
  serializedVersion: 6
  m_Component:
  - component: {fileID: 6043476519064663685}
  m_Layer: 0
  m_Name: B_L_Finger4
  m_TagString: Untagged
  m_Icon: {fileID: 0}
  m_NavMeshLayer: 0
  m_StaticEditorFlags: 0
  m_IsActive: 1
--- !u!4 &6043476519064663685
Transform:
  m_ObjectHideFlags: 0
  m_CorrespondingSourceObject: {fileID: 0}
  m_PrefabInstance: {fileID: 0}
  m_PrefabAsset: {fileID: 0}
  m_GameObject: {fileID: 6043476519064759013}
  m_LocalRotation: {x: -0.0003995653, y: 0.00000021419227, z: 0.000000029887907, w: 0.99999994}
  m_LocalPosition: {x: -0.06926056, y: -0.0105051575, z: 0.027957192}
  m_LocalScale: {x: 1, y: 1.0000001, z: 0.9999999}
  m_Children:
  - {fileID: 6043476519064663683}
  m_Father: {fileID: 6043476519064663811}
  m_RootOrder: 4
  m_LocalEulerAnglesHint: {x: 0, y: 0, z: 0}
--- !u!1 &6043476519064759015
GameObject:
  m_ObjectHideFlags: 0
  m_CorrespondingSourceObject: {fileID: 0}
  m_PrefabInstance: {fileID: 0}
  m_PrefabAsset: {fileID: 0}
  serializedVersion: 6
  m_Component:
  - component: {fileID: 6043476519064663687}
  m_Layer: 0
  m_Name: B_L_Finger32
  m_TagString: Untagged
  m_Icon: {fileID: 0}
  m_NavMeshLayer: 0
  m_StaticEditorFlags: 0
  m_IsActive: 1
--- !u!4 &6043476519064663687
Transform:
  m_ObjectHideFlags: 0
  m_CorrespondingSourceObject: {fileID: 0}
  m_PrefabInstance: {fileID: 0}
  m_PrefabAsset: {fileID: 0}
  m_GameObject: {fileID: 6043476519064759015}
  m_LocalRotation: {x: -0.00000023055208, y: 0.00000022581217, z: -0.11640201, w: 0.9932022}
  m_LocalPosition: {x: -0.021755433, y: 0.00000006103516, z: 0.000000019073488}
  m_LocalScale: {x: 0.9999998, y: 0.9999996, z: 1}
  m_Children: []
  m_Father: {fileID: 6043476519064663689}
  m_RootOrder: 0
  m_LocalEulerAnglesHint: {x: 0, y: 0, z: 0}
--- !u!1 &6043476519064759017
GameObject:
  m_ObjectHideFlags: 0
  m_CorrespondingSourceObject: {fileID: 0}
  m_PrefabInstance: {fileID: 0}
  m_PrefabAsset: {fileID: 0}
  serializedVersion: 6
  m_Component:
  - component: {fileID: 6043476519064663689}
  m_Layer: 0
  m_Name: B_L_Finger31
  m_TagString: Untagged
  m_Icon: {fileID: 0}
  m_NavMeshLayer: 0
  m_StaticEditorFlags: 0
  m_IsActive: 1
--- !u!4 &6043476519064663689
Transform:
  m_ObjectHideFlags: 0
  m_CorrespondingSourceObject: {fileID: 0}
  m_PrefabInstance: {fileID: 0}
  m_PrefabAsset: {fileID: 0}
  m_GameObject: {fileID: 6043476519064759017}
  m_LocalRotation: {x: -0.0000001006952, y: -0.000000095096084, z: -0.116402, w: 0.9932022}
  m_LocalPosition: {x: -0.021755418, y: 0, z: 0.0000000019073487}
  m_LocalScale: {x: 1.0000001, y: 0.9999998, z: 1.0000002}
  m_Children:
  - {fileID: 6043476519064663687}
  m_Father: {fileID: 6043476519064663691}
  m_RootOrder: 0
  m_LocalEulerAnglesHint: {x: 0, y: 0, z: 0}
--- !u!1 &6043476519064759019
GameObject:
  m_ObjectHideFlags: 0
  m_CorrespondingSourceObject: {fileID: 0}
  m_PrefabInstance: {fileID: 0}
  m_PrefabAsset: {fileID: 0}
  serializedVersion: 6
  m_Component:
  - component: {fileID: 6043476519064663691}
  m_Layer: 0
  m_Name: B_L_Finger3
  m_TagString: Untagged
  m_Icon: {fileID: 0}
  m_NavMeshLayer: 0
  m_StaticEditorFlags: 0
  m_IsActive: 1
--- !u!4 &6043476519064663691
Transform:
  m_ObjectHideFlags: 0
  m_CorrespondingSourceObject: {fileID: 0}
  m_PrefabInstance: {fileID: 0}
  m_PrefabAsset: {fileID: 0}
  m_GameObject: {fileID: 6043476519064759019}
  m_LocalRotation: {x: -0.00039872903, y: 0.00000020488501, z: 0.000000014982856, w: 0.99999994}
  m_LocalPosition: {x: -0.06926056, y: -0.010517365, z: 0.012578421}
  m_LocalScale: {x: 1, y: 0.99999994, z: 0.99999976}
  m_Children:
  - {fileID: 6043476519064663689}
  m_Father: {fileID: 6043476519064663811}
  m_RootOrder: 3
  m_LocalEulerAnglesHint: {x: 0, y: 0, z: 0}
--- !u!1 &6043476519064759021
GameObject:
  m_ObjectHideFlags: 0
  m_CorrespondingSourceObject: {fileID: 0}
  m_PrefabInstance: {fileID: 0}
  m_PrefabAsset: {fileID: 0}
  serializedVersion: 6
  m_Component:
  - component: {fileID: 6043476519064663693}
  m_Layer: 0
  m_Name: B_L_Finger22
  m_TagString: Untagged
  m_Icon: {fileID: 0}
  m_NavMeshLayer: 0
  m_StaticEditorFlags: 0
  m_IsActive: 1
--- !u!4 &6043476519064663693
Transform:
  m_ObjectHideFlags: 0
  m_CorrespondingSourceObject: {fileID: 0}
  m_PrefabInstance: {fileID: 0}
  m_PrefabAsset: {fileID: 0}
  m_GameObject: {fileID: 6043476519064759021}
  m_LocalRotation: {x: -0.00000004387917, y: 0.000000016394953, z: -0.1164021, w: 0.9932022}
  m_LocalPosition: {x: -0.025381349, y: 0.00000012207032, z: -0.000000023841858}
  m_LocalScale: {x: 0.9999997, y: 0.99999994, z: 1.0000001}
  m_Children: []
  m_Father: {fileID: 6043476519064663695}
  m_RootOrder: 0
  m_LocalEulerAnglesHint: {x: 0, y: 0, z: 0}
--- !u!1 &6043476519064759023
GameObject:
  m_ObjectHideFlags: 0
  m_CorrespondingSourceObject: {fileID: 0}
  m_PrefabInstance: {fileID: 0}
  m_PrefabAsset: {fileID: 0}
  serializedVersion: 6
  m_Component:
  - component: {fileID: 6043476519064663695}
  m_Layer: 0
  m_Name: B_L_Finger21
  m_TagString: Untagged
  m_Icon: {fileID: 0}
  m_NavMeshLayer: 0
  m_StaticEditorFlags: 0
  m_IsActive: 1
--- !u!4 &6043476519064663695
Transform:
  m_ObjectHideFlags: 0
  m_CorrespondingSourceObject: {fileID: 0}
  m_PrefabInstance: {fileID: 0}
  m_PrefabAsset: {fileID: 0}
  m_GameObject: {fileID: 6043476519064759023}
  m_LocalRotation: {x: 0.00000006518039, y: -0.0000002439386, z: -0.11640214, w: 0.9932022}
  m_LocalPosition: {x: -0.025381334, y: -0.00000006103516, z: 0.000000043869022}
  m_LocalScale: {x: 1.0000005, y: 0.99999994, z: 0.9999998}
  m_Children:
  - {fileID: 6043476519064663693}
  m_Father: {fileID: 6043476519064663729}
  m_RootOrder: 0
  m_LocalEulerAnglesHint: {x: 0, y: 0, z: 0}
--- !u!1 &6043476519064759025
GameObject:
  m_ObjectHideFlags: 0
  m_CorrespondingSourceObject: {fileID: 0}
  m_PrefabInstance: {fileID: 0}
  m_PrefabAsset: {fileID: 0}
  serializedVersion: 6
  m_Component:
  - component: {fileID: 6043476519064663697}
  m_Layer: 0
  m_Name: B_R_Finger3
  m_TagString: Untagged
  m_Icon: {fileID: 0}
  m_NavMeshLayer: 0
  m_StaticEditorFlags: 0
  m_IsActive: 1
--- !u!4 &6043476519064663697
Transform:
  m_ObjectHideFlags: 0
  m_CorrespondingSourceObject: {fileID: 0}
  m_PrefabInstance: {fileID: 0}
  m_PrefabAsset: {fileID: 0}
  m_GameObject: {fileID: 6043476519064759025}
  m_LocalRotation: {x: 0.00039812824, y: 0.000000011181805, z: 0.000000014896714, w: 0.99999994}
  m_LocalPosition: {x: -0.06926063, y: -0.010517273, z: -0.012578467}
  m_LocalScale: {x: 0.9999998, y: 1.0000002, z: 1}
  m_Children:
  - {fileID: 6043476519064663791}
  m_Father: {fileID: 6043476519064663823}
  m_RootOrder: 3
  m_LocalEulerAnglesHint: {x: 0, y: 0, z: 0}
--- !u!1 &6043476519064759027
GameObject:
  m_ObjectHideFlags: 0
  m_CorrespondingSourceObject: {fileID: 0}
  m_PrefabInstance: {fileID: 0}
  m_PrefabAsset: {fileID: 0}
  serializedVersion: 6
  m_Component:
  - component: {fileID: 6043476519064663699}
  m_Layer: 0
  m_Name: B_R_Finger22
  m_TagString: Untagged
  m_Icon: {fileID: 0}
  m_NavMeshLayer: 0
  m_StaticEditorFlags: 0
  m_IsActive: 1
--- !u!4 &6043476519064663699
Transform:
  m_ObjectHideFlags: 0
  m_CorrespondingSourceObject: {fileID: 0}
  m_PrefabInstance: {fileID: 0}
  m_PrefabAsset: {fileID: 0}
  m_GameObject: {fileID: 6043476519064759027}
  m_LocalRotation: {x: -0.000000021535092, y: -0.000000008728479, z: -0.11640201, w: 0.9932022}
  m_LocalPosition: {x: -0.025381258, y: 0.00000003051758, z: 0.00000010871888}
  m_LocalScale: {x: 0.9999999, y: 0.9999997, z: 0.9999998}
  m_Children: []
  m_Father: {fileID: 6043476519064663701}
  m_RootOrder: 0
  m_LocalEulerAnglesHint: {x: 0, y: 0, z: 0}
--- !u!1 &6043476519064759029
GameObject:
  m_ObjectHideFlags: 0
  m_CorrespondingSourceObject: {fileID: 0}
  m_PrefabInstance: {fileID: 0}
  m_PrefabAsset: {fileID: 0}
  serializedVersion: 6
  m_Component:
  - component: {fileID: 6043476519064663701}
  m_Layer: 0
  m_Name: B_R_Finger21
  m_TagString: Untagged
  m_Icon: {fileID: 0}
  m_NavMeshLayer: 0
  m_StaticEditorFlags: 0
  m_IsActive: 1
--- !u!4 &6043476519064663701
Transform:
  m_ObjectHideFlags: 0
  m_CorrespondingSourceObject: {fileID: 0}
  m_PrefabInstance: {fileID: 0}
  m_PrefabAsset: {fileID: 0}
  m_GameObject: {fileID: 6043476519064759029}
  m_LocalRotation: {x: 0.000000010493745, y: 0.00000007753667, z: -0.11640206, w: 0.9932022}
  m_LocalPosition: {x: -0.025381349, y: -0.00000006103516, z: -0.00000012683869}
  m_LocalScale: {x: 1.0000002, y: 1.0000004, z: 1.0000004}
  m_Children:
  - {fileID: 6043476519064663699}
  m_Father: {fileID: 6043476519064663703}
  m_RootOrder: 0
  m_LocalEulerAnglesHint: {x: 0, y: 0, z: 0}
--- !u!1 &6043476519064759031
GameObject:
  m_ObjectHideFlags: 0
  m_CorrespondingSourceObject: {fileID: 0}
  m_PrefabInstance: {fileID: 0}
  m_PrefabAsset: {fileID: 0}
  serializedVersion: 6
  m_Component:
  - component: {fileID: 6043476519064663703}
  m_Layer: 0
  m_Name: B_R_Finger2
  m_TagString: Untagged
  m_Icon: {fileID: 0}
  m_NavMeshLayer: 0
  m_StaticEditorFlags: 0
  m_IsActive: 1
--- !u!4 &6043476519064663703
Transform:
  m_ObjectHideFlags: 0
  m_CorrespondingSourceObject: {fileID: 0}
  m_PrefabInstance: {fileID: 0}
  m_PrefabAsset: {fileID: 0}
  m_GameObject: {fileID: 6043476519064759031}
  m_LocalRotation: {x: 0.00039810687, y: -0.00000005868519, z: -0.000000029778967, w: 0.99999994}
  m_LocalPosition: {x: -0.06926056, y: -0.010530151, z: 0.003597435}
  m_LocalScale: {x: 0.9999999, y: 1.0000001, z: 0.99999976}
  m_Children:
  - {fileID: 6043476519064663701}
  m_Father: {fileID: 6043476519064663823}
  m_RootOrder: 2
  m_LocalEulerAnglesHint: {x: 0, y: 0, z: 0}
--- !u!1 &6043476519064759033
GameObject:
  m_ObjectHideFlags: 0
  m_CorrespondingSourceObject: {fileID: 0}
  m_PrefabInstance: {fileID: 0}
  m_PrefabAsset: {fileID: 0}
  serializedVersion: 6
  m_Component:
  - component: {fileID: 6043476519064663705}
  m_Layer: 0
  m_Name: B_R_Finger12
  m_TagString: Untagged
  m_Icon: {fileID: 0}
  m_NavMeshLayer: 0
  m_StaticEditorFlags: 0
  m_IsActive: 1
--- !u!4 &6043476519064663705
Transform:
  m_ObjectHideFlags: 0
  m_CorrespondingSourceObject: {fileID: 0}
  m_PrefabInstance: {fileID: 0}
  m_PrefabAsset: {fileID: 0}
  m_GameObject: {fileID: 6043476519064759033}
  m_LocalRotation: {x: 0.000000015882486, y: -0.00000012376204, z: -0.11640207, w: 0.9932022}
  m_LocalPosition: {x: -0.021755464, y: 0, z: -0.000000049591065}
  m_LocalScale: {x: 0.9999999, y: 1, z: 0.99999964}
  m_Children: []
  m_Father: {fileID: 6043476519064663849}
  m_RootOrder: 0
  m_LocalEulerAnglesHint: {x: 0, y: 0, z: 0}
--- !u!1 &6043476519064759035
GameObject:
  m_ObjectHideFlags: 0
  m_CorrespondingSourceObject: {fileID: 0}
  m_PrefabInstance: {fileID: 0}
  m_PrefabAsset: {fileID: 0}
  serializedVersion: 6
  m_Component:
  - component: {fileID: 6043476519064663707}
  m_Layer: 0
  m_Name: B_R_Finger02
  m_TagString: Untagged
  m_Icon: {fileID: 0}
  m_NavMeshLayer: 0
  m_StaticEditorFlags: 0
  m_IsActive: 1
--- !u!4 &6043476519064663707
Transform:
  m_ObjectHideFlags: 0
  m_CorrespondingSourceObject: {fileID: 0}
  m_PrefabInstance: {fileID: 0}
  m_PrefabAsset: {fileID: 0}
  m_GameObject: {fileID: 6043476519064759035}
  m_LocalRotation: {x: 0.00000007599295, y: -0.0000000876728, z: -0.116402015, w: 0.9932022}
  m_LocalPosition: {x: -0.019468293, y: 0.00000001525879, z: 0.00000006103516}
  m_LocalScale: {x: 1.0000001, y: 1.0000002, z: 1.0000002}
  m_Children: []
  m_Father: {fileID: 6043476519064663859}
  m_RootOrder: 0
  m_LocalEulerAnglesHint: {x: 0, y: 0, z: 0}
--- !u!1 &6043476519064759039
GameObject:
  m_ObjectHideFlags: 0
  m_CorrespondingSourceObject: {fileID: 0}
  m_PrefabInstance: {fileID: 0}
  m_PrefabAsset: {fileID: 0}
  serializedVersion: 6
  m_Component:
  - component: {fileID: 6043476519064663711}
  m_Layer: 0
  m_Name: B_L_Toe0
  m_TagString: Untagged
  m_Icon: {fileID: 0}
  m_NavMeshLayer: 0
  m_StaticEditorFlags: 0
  m_IsActive: 1
--- !u!4 &6043476519064663711
Transform:
  m_ObjectHideFlags: 0
  m_CorrespondingSourceObject: {fileID: 0}
  m_PrefabInstance: {fileID: 0}
  m_PrefabAsset: {fileID: 0}
  m_GameObject: {fileID: 6043476519064759039}
  m_LocalRotation: {x: -0.000000020182345, y: 0.000000019814436, z: -0.7132062, w: 0.7009543}
  m_LocalPosition: {x: -0.05965189, y: 0.09710672, z: -0.00087157445}
  m_LocalScale: {x: 1, y: 1.0000001, z: 1}
  m_Children: []
  m_Father: {fileID: 6043476519064663821}
  m_RootOrder: 0
  m_LocalEulerAnglesHint: {x: 0, y: 0, z: 0}
--- !u!1 &6043476519064759041
GameObject:
  m_ObjectHideFlags: 0
  m_CorrespondingSourceObject: {fileID: 0}
  m_PrefabInstance: {fileID: 0}
  m_PrefabAsset: {fileID: 0}
  serializedVersion: 6
  m_Component:
  - component: {fileID: 6043476519064663841}
  m_Layer: 0
  m_Name: B_R_Thigh
  m_TagString: Untagged
  m_Icon: {fileID: 0}
  m_NavMeshLayer: 0
  m_StaticEditorFlags: 0
  m_IsActive: 1
--- !u!4 &6043476519064663841
Transform:
  m_ObjectHideFlags: 0
  m_CorrespondingSourceObject: {fileID: 0}
  m_PrefabInstance: {fileID: 0}
  m_PrefabAsset: {fileID: 0}
  m_GameObject: {fileID: 6043476519064759041}
  m_LocalRotation: {x: 0.005688329, y: 0.99954396, z: -0.00020930475, w: -0.029656019}
  m_LocalPosition: {x: -0, y: -0.00000004091859, z: -0.046609323}
  m_LocalScale: {x: 0.9999999, y: 1, z: 1}
  m_Children:
  - {fileID: 6043476519064663843}
  m_Father: {fileID: 6043476519064663861}
  m_RootOrder: 1
  m_LocalEulerAnglesHint: {x: 0, y: 0, z: 0}
--- !u!1 &6043476519064759043
GameObject:
  m_ObjectHideFlags: 0
  m_CorrespondingSourceObject: {fileID: 0}
  m_PrefabInstance: {fileID: 0}
  m_PrefabAsset: {fileID: 0}
  serializedVersion: 6
  m_Component:
  - component: {fileID: 6043476519064663843}
  m_Layer: 0
  m_Name: B_R_Calf
  m_TagString: Untagged
  m_Icon: {fileID: 0}
  m_NavMeshLayer: 0
  m_StaticEditorFlags: 0
  m_IsActive: 1
--- !u!4 &6043476519064663843
Transform:
  m_ObjectHideFlags: 0
  m_CorrespondingSourceObject: {fileID: 0}
  m_PrefabInstance: {fileID: 0}
  m_PrefabAsset: {fileID: 0}
  m_GameObject: {fileID: 6043476519064759043}
  m_LocalRotation: {x: 0.0000023840284, y: -0.000000073509675, z: 0.049677882, w: 0.9987653}
  m_LocalPosition: {x: -0.23667191, y: -9.536744e-10, z: 0}
  m_LocalScale: {x: 1.0000002, y: 1.0000002, z: 1}
  m_Children:
  - {fileID: 6043476519064663845}
  m_Father: {fileID: 6043476519064663841}
  m_RootOrder: 0
  m_LocalEulerAnglesHint: {x: 0, y: 0, z: 0}
--- !u!1 &6043476519064759045
GameObject:
  m_ObjectHideFlags: 0
  m_CorrespondingSourceObject: {fileID: 0}
  m_PrefabInstance: {fileID: 0}
  m_PrefabAsset: {fileID: 0}
  serializedVersion: 6
  m_Component:
  - component: {fileID: 6043476519064663845}
  m_Layer: 0
  m_Name: B_R_Foot
  m_TagString: Untagged
  m_Icon: {fileID: 0}
  m_NavMeshLayer: 0
  m_StaticEditorFlags: 0
  m_IsActive: 1
--- !u!4 &6043476519064663845
Transform:
  m_ObjectHideFlags: 0
  m_CorrespondingSourceObject: {fileID: 0}
  m_PrefabInstance: {fileID: 0}
  m_PrefabAsset: {fileID: 0}
  m_GameObject: {fileID: 6043476519064759045}
  m_LocalRotation: {x: 0.008042243, y: -0.030146819, z: -0.055046, w: 0.9979962}
  m_LocalPosition: {x: -0.2380203, y: -0.0000000038146974, z: 0.000000022888184}
  m_LocalScale: {x: 0.9999999, y: 0.9999998, z: 1}
  m_Children:
  - {fileID: 6043476519064663781}
  m_Father: {fileID: 6043476519064663843}
  m_RootOrder: 0
  m_LocalEulerAnglesHint: {x: 0, y: 0, z: 0}
--- !u!1 &6043476519064759047
GameObject:
  m_ObjectHideFlags: 0
  m_CorrespondingSourceObject: {fileID: 0}
  m_PrefabInstance: {fileID: 0}
  m_PrefabAsset: {fileID: 0}
  serializedVersion: 6
  m_Component:
  - component: {fileID: 6043476519064663847}
  m_Layer: 0
  m_Name: B_R_Finger1
  m_TagString: Untagged
  m_Icon: {fileID: 0}
  m_NavMeshLayer: 0
  m_StaticEditorFlags: 0
  m_IsActive: 1
--- !u!4 &6043476519064663847
Transform:
  m_ObjectHideFlags: 0
  m_CorrespondingSourceObject: {fileID: 0}
  m_PrefabInstance: {fileID: 0}
  m_PrefabAsset: {fileID: 0}
  m_GameObject: {fileID: 6043476519064759047}
  m_LocalRotation: {x: 0.00039813758, y: -0.000000079180225, z: -0.00000004467197, w: 0.99999994}
  m_LocalPosition: {x: -0.06926053, y: -0.010542969, z: 0.019627264}
  m_LocalScale: {x: 0.9999998, y: 1.0000002, z: 1}
  m_Children:
  - {fileID: 6043476519064663849}
  m_Father: {fileID: 6043476519064663823}
  m_RootOrder: 1
  m_LocalEulerAnglesHint: {x: 0, y: 0, z: 0}
--- !u!1 &6043476519064759049
GameObject:
  m_ObjectHideFlags: 0
  m_CorrespondingSourceObject: {fileID: 0}
  m_PrefabInstance: {fileID: 0}
  m_PrefabAsset: {fileID: 0}
  serializedVersion: 6
  m_Component:
  - component: {fileID: 6043476519064663849}
  m_Layer: 0
  m_Name: B_R_Finger11
  m_TagString: Untagged
  m_Icon: {fileID: 0}
  m_NavMeshLayer: 0
  m_StaticEditorFlags: 0
  m_IsActive: 1
--- !u!4 &6043476519064663849
Transform:
  m_ObjectHideFlags: 0
  m_CorrespondingSourceObject: {fileID: 0}
  m_PrefabInstance: {fileID: 0}
  m_PrefabAsset: {fileID: 0}
  m_GameObject: {fileID: 6043476519064759049}
  m_LocalRotation: {x: 3.1949163e-10, y: 0.00000013874165, z: -0.11640199, w: 0.9932022}
  m_LocalPosition: {x: -0.021755418, y: 0, z: 0.00000002861023}
  m_LocalScale: {x: 1.0000002, y: 0.9999998, z: 1}
  m_Children:
  - {fileID: 6043476519064663705}
  m_Father: {fileID: 6043476519064663847}
  m_RootOrder: 0
  m_LocalEulerAnglesHint: {x: 0, y: 0, z: 0}
--- !u!1 &6043476519064759051
GameObject:
  m_ObjectHideFlags: 0
  m_CorrespondingSourceObject: {fileID: 0}
  m_PrefabInstance: {fileID: 0}
  m_PrefabAsset: {fileID: 0}
  serializedVersion: 6
  m_Component:
  - component: {fileID: 6043476519064663851}
  m_Layer: 0
  m_Name: B_Head
  m_TagString: Untagged
  m_Icon: {fileID: 0}
  m_NavMeshLayer: 0
  m_StaticEditorFlags: 0
  m_IsActive: 1
--- !u!4 &6043476519064663851
Transform:
  m_ObjectHideFlags: 0
  m_CorrespondingSourceObject: {fileID: 0}
  m_PrefabInstance: {fileID: 0}
  m_PrefabAsset: {fileID: 0}
  m_GameObject: {fileID: 6043476519064759051}
  m_LocalRotation: {x: 0.000000029754938, y: -0.000000114664175, z: 0.041791387, w: 0.9991264}
  m_LocalPosition: {x: -0.0437262, y: -0.001065094, z: 0.0000000010459336}
  m_LocalScale: {x: 0.99999994, y: 0.99999994, z: 1}
  m_Children: []
  m_Father: {fileID: 6043476519064663915}
  m_RootOrder: 0
  m_LocalEulerAnglesHint: {x: 0, y: 0, z: 0}
--- !u!1 &6043476519064759057
GameObject:
  m_ObjectHideFlags: 0
  m_CorrespondingSourceObject: {fileID: 0}
  m_PrefabInstance: {fileID: 0}
  m_PrefabAsset: {fileID: 0}
  serializedVersion: 6
  m_Component:
  - component: {fileID: 6043476519064663857}
  m_Layer: 0
  m_Name: B_R_Finger0
  m_TagString: Untagged
  m_Icon: {fileID: 0}
  m_NavMeshLayer: 0
  m_StaticEditorFlags: 0
  m_IsActive: 1
--- !u!4 &6043476519064663857
Transform:
  m_ObjectHideFlags: 0
  m_CorrespondingSourceObject: {fileID: 0}
  m_PrefabInstance: {fileID: 0}
  m_PrefabAsset: {fileID: 0}
  m_GameObject: {fileID: 6043476519064759057}
  m_LocalRotation: {x: -0.44854185, y: 0.1331771, z: -0.0677906, w: 0.8811802}
  m_LocalPosition: {x: -0.049267337, y: -0.0020834962, z: 0.038255528}
  m_LocalScale: {x: 1.0000002, y: 0.9999996, z: 0.99999964}
  m_Children:
  - {fileID: 6043476519064663859}
  m_Father: {fileID: 6043476519064663823}
  m_RootOrder: 0
  m_LocalEulerAnglesHint: {x: 0, y: 0, z: 0}
--- !u!1 &6043476519064759059
GameObject:
  m_ObjectHideFlags: 0
  m_CorrespondingSourceObject: {fileID: 0}
  m_PrefabInstance: {fileID: 0}
  m_PrefabAsset: {fileID: 0}
  serializedVersion: 6
  m_Component:
  - component: {fileID: 6043476519064663859}
  m_Layer: 0
  m_Name: B_R_Finger01
  m_TagString: Untagged
  m_Icon: {fileID: 0}
  m_NavMeshLayer: 0
  m_StaticEditorFlags: 0
  m_IsActive: 1
--- !u!4 &6043476519064663859
Transform:
  m_ObjectHideFlags: 0
  m_CorrespondingSourceObject: {fileID: 0}
  m_PrefabInstance: {fileID: 0}
  m_PrefabAsset: {fileID: 0}
  m_GameObject: {fileID: 6043476519064759059}
  m_LocalRotation: {x: 0.00000004295605, y: 0.0000001524987, z: -0.11640207, w: 0.9932022}
  m_LocalPosition: {x: -0.019468354, y: -0.00000003051758, z: 0.00000003051758}
  m_LocalScale: {x: 0.99999994, y: 1, z: 0.99999994}
  m_Children:
  - {fileID: 6043476519064663707}
  m_Father: {fileID: 6043476519064663857}
  m_RootOrder: 0
  m_LocalEulerAnglesHint: {x: 0, y: 0, z: 0}
--- !u!1 &6043476519064759061
GameObject:
  m_ObjectHideFlags: 0
  m_CorrespondingSourceObject: {fileID: 0}
  m_PrefabInstance: {fileID: 0}
  m_PrefabAsset: {fileID: 0}
  serializedVersion: 6
  m_Component:
  - component: {fileID: 6043476519064663861}
  m_Layer: 0
  m_Name: B_Pelvis
  m_TagString: Untagged
  m_Icon: {fileID: 0}
  m_NavMeshLayer: 0
  m_StaticEditorFlags: 0
  m_IsActive: 1
--- !u!4 &6043476519064663861
Transform:
  m_ObjectHideFlags: 0
  m_CorrespondingSourceObject: {fileID: 0}
  m_PrefabInstance: {fileID: 0}
  m_PrefabAsset: {fileID: 0}
  m_GameObject: {fileID: 6043476519064759061}
  m_LocalRotation: {x: -0.49999964, y: 0.50000036, z: 0.49999964, w: 0.50000036}
  m_LocalPosition: {x: -0.00020554353, y: -0.0000000042308854, z: 0.53197235}
  m_LocalScale: {x: 1, y: 1, z: 1}
  m_Children:
  - {fileID: 6043476519064663817}
  - {fileID: 6043476519064663841}
  - {fileID: 6043476519064663863}
  m_Father: {fileID: 6043476519064663777}
  m_RootOrder: 0
  m_LocalEulerAnglesHint: {x: 0, y: 0, z: 0}
--- !u!1 &6043476519064759063
GameObject:
  m_ObjectHideFlags: 0
  m_CorrespondingSourceObject: {fileID: 0}
  m_PrefabInstance: {fileID: 0}
  m_PrefabAsset: {fileID: 0}
  serializedVersion: 6
  m_Component:
  - component: {fileID: 6043476519064663863}
  m_Layer: 0
  m_Name: B_Spine
  m_TagString: Untagged
  m_Icon: {fileID: 0}
  m_NavMeshLayer: 0
  m_StaticEditorFlags: 0
  m_IsActive: 1
--- !u!4 &6043476519064663863
Transform:
  m_ObjectHideFlags: 0
  m_CorrespondingSourceObject: {fileID: 0}
  m_PrefabInstance: {fileID: 0}
  m_PrefabAsset: {fileID: 0}
  m_GameObject: {fileID: 6043476519064759063}
  m_LocalRotation: {x: -0.0000016034629, y: -0.00000002309682, z: 0.0057280296, w: 0.9999836}
  m_LocalPosition: {x: -0.03704126, y: 0.013582374, z: -0.0000000204553}
  m_LocalScale: {x: 1, y: 1, z: 1}
  m_Children:
  - {fileID: 6043476519064663865}
  m_Father: {fileID: 6043476519064663861}
  m_RootOrder: 2
  m_LocalEulerAnglesHint: {x: 0, y: 0, z: 0}
--- !u!1 &6043476519064759065
GameObject:
  m_ObjectHideFlags: 0
  m_CorrespondingSourceObject: {fileID: 0}
  m_PrefabInstance: {fileID: 0}
  m_PrefabAsset: {fileID: 0}
  serializedVersion: 6
  m_Component:
  - component: {fileID: 6043476519064663865}
  m_Layer: 0
  m_Name: B_Spine1
  m_TagString: Untagged
  m_Icon: {fileID: 0}
  m_NavMeshLayer: 0
  m_StaticEditorFlags: 0
  m_IsActive: 1
--- !u!4 &6043476519064663865
Transform:
  m_ObjectHideFlags: 0
  m_CorrespondingSourceObject: {fileID: 0}
  m_PrefabInstance: {fileID: 0}
  m_PrefabAsset: {fileID: 0}
  m_GameObject: {fileID: 6043476519064759065}
  m_LocalRotation: {x: -9.802604e-14, y: -0.00000013091501, z: 0.071934246, w: 0.9974094}
  m_LocalPosition: {x: -0.07051776, y: -0.000079645164, z: -1.4494436e-10}
  m_LocalScale: {x: 0.99999994, y: 0.99999994, z: 1}
  m_Children:
  - {fileID: 6043476519064663779}
  m_Father: {fileID: 6043476519064663863}
  m_RootOrder: 0
  m_LocalEulerAnglesHint: {x: 0, y: 0, z: 0}
--- !u!1 &6043476519064759067
GameObject:
  m_ObjectHideFlags: 0
  m_CorrespondingSourceObject: {fileID: 0}
  m_PrefabInstance: {fileID: 0}
  m_PrefabAsset: {fileID: 0}
  serializedVersion: 6
  m_Component:
  - component: {fileID: 6043476519064663867}
  m_Layer: 0
  m_Name: B_L_Finger11
  m_TagString: Untagged
  m_Icon: {fileID: 0}
  m_NavMeshLayer: 0
  m_StaticEditorFlags: 0
  m_IsActive: 1
--- !u!4 &6043476519064663867
Transform:
  m_ObjectHideFlags: 0
  m_CorrespondingSourceObject: {fileID: 0}
  m_PrefabInstance: {fileID: 0}
  m_PrefabAsset: {fileID: 0}
  m_GameObject: {fileID: 6043476519064759067}
  m_LocalRotation: {x: 0.000000024425024, y: -0.000000051622838, z: -0.11640211, w: 0.9932022}
  m_LocalPosition: {x: -0.02175548, y: 0, z: 0.00000006484986}
  m_LocalScale: {x: 0.99999976, y: 0.99999976, z: 0.99999994}
  m_Children:
  - {fileID: 6043476519064663731}
  m_Father: {fileID: 6043476519064663835}
  m_RootOrder: 0
  m_LocalEulerAnglesHint: {x: 0, y: 0, z: 0}
--- !u!1 &6043476519064759069
GameObject:
  m_ObjectHideFlags: 0
  m_CorrespondingSourceObject: {fileID: 0}
  m_PrefabInstance: {fileID: 0}
  m_PrefabAsset: {fileID: 0}
  serializedVersion: 6
  m_Component:
  - component: {fileID: 6043476519064663869}
  m_Layer: 0
  m_Name: B_R_UpperArm
  m_TagString: Untagged
  m_Icon: {fileID: 0}
  m_NavMeshLayer: 0
  m_StaticEditorFlags: 0
  m_IsActive: 1
--- !u!4 &6043476519064663869
Transform:
  m_ObjectHideFlags: 0
  m_CorrespondingSourceObject: {fileID: 0}
  m_PrefabInstance: {fileID: 0}
  m_PrefabAsset: {fileID: 0}
  m_GameObject: {fileID: 6043476519064759069}
  m_LocalRotation: {x: -0.06598425, y: 0.44083184, z: 0.022487905, w: 0.89487857}
  m_LocalPosition: {x: -0.10881426, y: 0.00000006103516, z: 0.00000006103516}
  m_LocalScale: {x: 1.0000001, y: 1.0000001, z: 0.99999994}
  m_Children:
  - {fileID: 6043476519064663871}
  m_Father: {fileID: 6043476519064663913}
  m_RootOrder: 0
  m_LocalEulerAnglesHint: {x: 0, y: 0, z: 0}
--- !u!1 &6043476519064759071
GameObject:
  m_ObjectHideFlags: 0
  m_CorrespondingSourceObject: {fileID: 0}
  m_PrefabInstance: {fileID: 0}
  m_PrefabAsset: {fileID: 0}
  serializedVersion: 6
  m_Component:
  - component: {fileID: 6043476519064663871}
  m_Layer: 0
  m_Name: B_R_Forearm
  m_TagString: Untagged
  m_Icon: {fileID: 0}
  m_NavMeshLayer: 0
  m_StaticEditorFlags: 0
  m_IsActive: 1
--- !u!4 &6043476519064663871
Transform:
  m_ObjectHideFlags: 0
  m_CorrespondingSourceObject: {fileID: 0}
  m_PrefabInstance: {fileID: 0}
  m_PrefabAsset: {fileID: 0}
  m_GameObject: {fileID: 6043476519064759071}
  m_LocalRotation: {x: 0.00000011354293, y: 0.00000008965432, z: 0.0021765663, w: 0.9999977}
  m_LocalPosition: {x: -0.14220478, y: 0.000000009536744, z: 0}
  m_LocalScale: {x: 1, y: 0.9999998, z: 1.0000002}
  m_Children:
  - {fileID: 6043476519064663823}
  m_Father: {fileID: 6043476519064663869}
  m_RootOrder: 0
  m_LocalEulerAnglesHint: {x: 0, y: 0, z: 0}
--- !u!1 &6043476519064759113
GameObject:
  m_ObjectHideFlags: 0
  m_CorrespondingSourceObject: {fileID: 0}
  m_PrefabInstance: {fileID: 0}
  m_PrefabAsset: {fileID: 0}
  serializedVersion: 6
  m_Component:
  - component: {fileID: 6043476519064663913}
  m_Layer: 0
  m_Name: B_R_Clavicle
  m_TagString: Untagged
  m_Icon: {fileID: 0}
  m_NavMeshLayer: 0
  m_StaticEditorFlags: 0
  m_IsActive: 1
--- !u!4 &6043476519064663913
Transform:
  m_ObjectHideFlags: 0
  m_CorrespondingSourceObject: {fileID: 0}
  m_PrefabInstance: {fileID: 0}
  m_PrefabAsset: {fileID: 0}
  m_GameObject: {fileID: 6043476519064759113}
  m_LocalRotation: {x: 0.67533433, y: 0.020245254, z: 0.73701376, w: 0.018011926}
  m_LocalPosition: {x: -0.048034184, y: -0.005819302, z: -0.021211218}
  m_LocalScale: {x: 0.99999994, y: 0.9999999, z: 0.99999964}
  m_Children:
  - {fileID: 6043476519064663869}
  m_Father: {fileID: 6043476519064663779}
  m_RootOrder: 2
  m_LocalEulerAnglesHint: {x: 0, y: 0, z: 0}
--- !u!1 &6043476519064759115
GameObject:
  m_ObjectHideFlags: 0
  m_CorrespondingSourceObject: {fileID: 0}
  m_PrefabInstance: {fileID: 0}
  m_PrefabAsset: {fileID: 0}
  serializedVersion: 6
  m_Component:
  - component: {fileID: 6043476519064663915}
  m_Layer: 0
  m_Name: B_Neck
  m_TagString: Untagged
  m_Icon: {fileID: 0}
  m_NavMeshLayer: 0
  m_StaticEditorFlags: 0
  m_IsActive: 1
--- !u!4 &6043476519064663915
Transform:
  m_ObjectHideFlags: 0
  m_CorrespondingSourceObject: {fileID: 0}
  m_PrefabInstance: {fileID: 0}
  m_PrefabAsset: {fileID: 0}
  m_GameObject: {fileID: 6043476519064759115}
  m_LocalRotation: {x: 0.00000023640024, y: 0.00000039314415, z: -0.13052633, w: 0.9914448}
  m_LocalPosition: {x: -0.13419007, y: -0.012182275, z: 4.0209855e-10}
  m_LocalScale: {x: 0.9999999, y: 0.9999999, z: 1}
  m_Children:
  - {fileID: 6043476519064663851}
  m_Father: {fileID: 6043476519064663779}
  m_RootOrder: 1
  m_LocalEulerAnglesHint: {x: 0, y: 0, z: 0}
--- !u!1 &6043476519064759119
GameObject:
  m_ObjectHideFlags: 0
  m_CorrespondingSourceObject: {fileID: 0}
  m_PrefabInstance: {fileID: 0}
  m_PrefabAsset: {fileID: 0}
  serializedVersion: 6
  m_Component:
  - component: {fileID: 6043476519064663919}
  m_Layer: 0
  m_Name: B_L_Clavicle
  m_TagString: Untagged
  m_Icon: {fileID: 0}
  m_NavMeshLayer: 0
  m_StaticEditorFlags: 0
  m_IsActive: 1
--- !u!4 &6043476519064663919
Transform:
  m_ObjectHideFlags: 0
  m_CorrespondingSourceObject: {fileID: 0}
  m_PrefabInstance: {fileID: 0}
  m_PrefabAsset: {fileID: 0}
  m_GameObject: {fileID: 6043476519064759119}
  m_LocalRotation: {x: -0.6753343, y: -0.02024768, z: 0.7370137, w: 0.018014118}
  m_LocalPosition: {x: -0.048034184, y: -0.0058194394, z: 0.021211185}
  m_LocalScale: {x: 1, y: 1, z: 0.99999976}
  m_Children:
  - {fileID: 6043476519064663839}
  m_Father: {fileID: 6043476519064663779}
  m_RootOrder: 0
  m_LocalEulerAnglesHint: {x: 0, y: 0, z: 0}
--- !u!1 &6043476519064759137
GameObject:
  m_ObjectHideFlags: 0
  m_CorrespondingSourceObject: {fileID: 0}
  m_PrefabInstance: {fileID: 0}
  m_PrefabAsset: {fileID: 0}
  serializedVersion: 6
  m_Component:
  - component: {fileID: 6043476519064663809}
  m_Layer: 0
  m_Name: B_L_Forearm
  m_TagString: Untagged
  m_Icon: {fileID: 0}
  m_NavMeshLayer: 0
  m_StaticEditorFlags: 0
  m_IsActive: 1
--- !u!4 &6043476519064663809
Transform:
  m_ObjectHideFlags: 0
  m_CorrespondingSourceObject: {fileID: 0}
  m_PrefabInstance: {fileID: 0}
  m_PrefabAsset: {fileID: 0}
  m_GameObject: {fileID: 6043476519064759137}
  m_LocalRotation: {x: 0.000000027506387, y: -0.000000014841313, z: 0.0021768892, w: 0.9999976}
  m_LocalPosition: {x: -0.14220484, y: -0.00000001525879, z: 0.00000012207032}
  m_LocalScale: {x: 1.0000004, y: 1.0000001, z: 0.99999976}
  m_Children:
  - {fileID: 6043476519064663811}
  m_Father: {fileID: 6043476519064663839}
  m_RootOrder: 0
  m_LocalEulerAnglesHint: {x: 0, y: 0, z: 0}
--- !u!1 &6043476519064759139
GameObject:
  m_ObjectHideFlags: 0
  m_CorrespondingSourceObject: {fileID: 0}
  m_PrefabInstance: {fileID: 0}
  m_PrefabAsset: {fileID: 0}
  serializedVersion: 6
  m_Component:
  - component: {fileID: 6043476519064663811}
  m_Layer: 0
  m_Name: B_L_Hand
  m_TagString: Untagged
  m_Icon: {fileID: 0}
  m_NavMeshLayer: 0
  m_StaticEditorFlags: 0
  m_IsActive: 1
--- !u!4 &6043476519064663811
Transform:
  m_ObjectHideFlags: 0
  m_CorrespondingSourceObject: {fileID: 0}
  m_PrefabInstance: {fileID: 0}
  m_PrefabAsset: {fileID: 0}
  m_GameObject: {fileID: 6043476519064759139}
  m_LocalRotation: {x: -0.7202751, y: -0.030072734, z: -0.023694467, w: 0.6926312}
  m_LocalPosition: {x: -0.14195845, y: -0.000000026702882, z: -0.00000006103516}
  m_LocalScale: {x: 0.99999994, y: 1.0000001, z: 1.0000006}
  m_Children:
  - {fileID: 6043476519064663831}
  - {fileID: 6043476519064663835}
  - {fileID: 6043476519064663729}
  - {fileID: 6043476519064663691}
  - {fileID: 6043476519064663685}
  m_Father: {fileID: 6043476519064663809}
  m_RootOrder: 0
  m_LocalEulerAnglesHint: {x: 0, y: 0, z: 0}
--- !u!1 &6043476519064759145
GameObject:
  m_ObjectHideFlags: 0
  m_CorrespondingSourceObject: {fileID: 0}
  m_PrefabInstance: {fileID: 0}
  m_PrefabAsset: {fileID: 0}
  serializedVersion: 6
  m_Component:
  - component: {fileID: 6043476519064663817}
  m_Layer: 0
  m_Name: B_L_Thigh
  m_TagString: Untagged
  m_Icon: {fileID: 0}
  m_NavMeshLayer: 0
  m_StaticEditorFlags: 0
  m_IsActive: 1
--- !u!4 &6043476519064663817
Transform:
  m_ObjectHideFlags: 0
  m_CorrespondingSourceObject: {fileID: 0}
  m_PrefabInstance: {fileID: 0}
  m_PrefabAsset: {fileID: 0}
  m_GameObject: {fileID: 6043476519064759145}
  m_LocalRotation: {x: 0.005688404, y: 0.99954396, z: 0.0002067759, w: 0.029656004}
  m_LocalPosition: {x: -0, y: 0.00000008788705, z: 0.046609323}
  m_LocalScale: {x: 0.9999999, y: 1, z: 1}
  m_Children:
  - {fileID: 6043476519064663819}
  m_Father: {fileID: 6043476519064663861}
  m_RootOrder: 0
  m_LocalEulerAnglesHint: {x: 0, y: 0, z: 0}
--- !u!1 &6043476519064759147
GameObject:
  m_ObjectHideFlags: 0
  m_CorrespondingSourceObject: {fileID: 0}
  m_PrefabInstance: {fileID: 0}
  m_PrefabAsset: {fileID: 0}
  serializedVersion: 6
  m_Component:
  - component: {fileID: 6043476519064663819}
  m_Layer: 0
  m_Name: B_L_Calf
  m_TagString: Untagged
  m_Icon: {fileID: 0}
  m_NavMeshLayer: 0
  m_StaticEditorFlags: 0
  m_IsActive: 1
--- !u!4 &6043476519064663819
Transform:
  m_ObjectHideFlags: 0
  m_CorrespondingSourceObject: {fileID: 0}
  m_PrefabInstance: {fileID: 0}
  m_PrefabAsset: {fileID: 0}
  m_GameObject: {fileID: 6043476519064759147}
  m_LocalRotation: {x: -0.000004019508, y: 0.00000015627742, z: 0.049677886, w: 0.9987653}
  m_LocalPosition: {x: -0.23667191, y: 0.0000000019073487, z: 0.00000001525879}
  m_LocalScale: {x: 1.0000002, y: 1.0000002, z: 1}
  m_Children:
  - {fileID: 6043476519064663821}
  m_Father: {fileID: 6043476519064663817}
  m_RootOrder: 0
  m_LocalEulerAnglesHint: {x: 0, y: 0, z: 0}
--- !u!1 &6043476519064759149
GameObject:
  m_ObjectHideFlags: 0
  m_CorrespondingSourceObject: {fileID: 0}
  m_PrefabInstance: {fileID: 0}
  m_PrefabAsset: {fileID: 0}
  serializedVersion: 6
  m_Component:
  - component: {fileID: 6043476519064663821}
  m_Layer: 0
  m_Name: B_L_Foot
  m_TagString: Untagged
  m_Icon: {fileID: 0}
  m_NavMeshLayer: 0
  m_StaticEditorFlags: 0
  m_IsActive: 1
--- !u!4 &6043476519064663821
Transform:
  m_ObjectHideFlags: 0
  m_CorrespondingSourceObject: {fileID: 0}
  m_PrefabInstance: {fileID: 0}
  m_PrefabAsset: {fileID: 0}
  m_GameObject: {fileID: 6043476519064759149}
  m_LocalRotation: {x: -0.008041746, y: 0.030146725, z: -0.055045985, w: 0.9979962}
  m_LocalPosition: {x: -0.2380203, y: -0.000000007629395, z: -0.00000001525879}
  m_LocalScale: {x: 0.99999994, y: 0.99999994, z: 1}
  m_Children:
  - {fileID: 6043476519064663711}
  m_Father: {fileID: 6043476519064663819}
  m_RootOrder: 0
  m_LocalEulerAnglesHint: {x: 0, y: 0, z: 0}
--- !u!1 &6043476519064759151
GameObject:
  m_ObjectHideFlags: 0
  m_CorrespondingSourceObject: {fileID: 0}
  m_PrefabInstance: {fileID: 0}
  m_PrefabAsset: {fileID: 0}
  serializedVersion: 6
  m_Component:
  - component: {fileID: 6043476519064663823}
  m_Layer: 0
  m_Name: B_R_Hand
  m_TagString: Untagged
  m_Icon: {fileID: 0}
  m_NavMeshLayer: 0
  m_StaticEditorFlags: 0
  m_IsActive: 1
--- !u!4 &6043476519064663823
Transform:
  m_ObjectHideFlags: 0
  m_CorrespondingSourceObject: {fileID: 0}
  m_PrefabInstance: {fileID: 0}
  m_PrefabAsset: {fileID: 0}
  m_GameObject: {fileID: 6043476519064759151}
  m_LocalRotation: {x: 0.72027504, y: 0.03007281, z: -0.023694392, w: 0.6926313}
  m_LocalPosition: {x: -0.1419585, y: -0.000000034332277, z: -0.00000012207032}
  m_LocalScale: {x: 1.0000002, y: 1.0000001, z: 1.0000002}
  m_Children:
  - {fileID: 6043476519064663857}
  - {fileID: 6043476519064663847}
  - {fileID: 6043476519064663703}
  - {fileID: 6043476519064663697}
  - {fileID: 6043476519064663787}
  - {fileID: 8625055893725589418}
  m_Father: {fileID: 6043476519064663871}
  m_RootOrder: 0
  m_LocalEulerAnglesHint: {x: 0, y: 0, z: 0}
--- !u!1 &6043476519064759159
GameObject:
  m_ObjectHideFlags: 0
  m_CorrespondingSourceObject: {fileID: 0}
  m_PrefabInstance: {fileID: 0}
  m_PrefabAsset: {fileID: 0}
  serializedVersion: 6
  m_Component:
  - component: {fileID: 6043476519064663831}
  m_Layer: 0
  m_Name: B_L_Finger0
  m_TagString: Untagged
  m_Icon: {fileID: 0}
  m_NavMeshLayer: 0
  m_StaticEditorFlags: 0
  m_IsActive: 1
--- !u!4 &6043476519064663831
Transform:
  m_ObjectHideFlags: 0
  m_CorrespondingSourceObject: {fileID: 0}
  m_PrefabInstance: {fileID: 0}
  m_PrefabAsset: {fileID: 0}
  m_GameObject: {fileID: 6043476519064759159}
  m_LocalRotation: {x: 0.4485418, y: -0.13317715, z: -0.06779061, w: 0.8811802}
  m_LocalPosition: {x: -0.04926746, y: -0.0020835267, z: -0.038255487}
  m_LocalScale: {x: 1.0000005, y: 0.9999997, z: 0.99999994}
  m_Children:
  - {fileID: 6043476519064663833}
  m_Father: {fileID: 6043476519064663811}
  m_RootOrder: 0
  m_LocalEulerAnglesHint: {x: 0, y: 0, z: 0}
--- !u!1 &6043476519064759161
GameObject:
  m_ObjectHideFlags: 0
  m_CorrespondingSourceObject: {fileID: 0}
  m_PrefabInstance: {fileID: 0}
  m_PrefabAsset: {fileID: 0}
  serializedVersion: 6
  m_Component:
  - component: {fileID: 6043476519064663833}
  m_Layer: 0
  m_Name: B_L_Finger01
  m_TagString: Untagged
  m_Icon: {fileID: 0}
  m_NavMeshLayer: 0
  m_StaticEditorFlags: 0
  m_IsActive: 1
--- !u!4 &6043476519064663833
Transform:
  m_ObjectHideFlags: 0
  m_CorrespondingSourceObject: {fileID: 0}
  m_PrefabInstance: {fileID: 0}
  m_PrefabAsset: {fileID: 0}
  m_GameObject: {fileID: 6043476519064759161}
  m_LocalRotation: {x: 0.000000015754052, y: 0.000000024409157, z: -0.116401955, w: 0.9932022}
  m_LocalPosition: {x: -0.019468324, y: -0.00000003051758, z: -0.000000091552735}
  m_LocalScale: {x: 1.0000001, y: 0.99999994, z: 0.9999998}
  m_Children:
  - {fileID: 6043476519064663733}
  m_Father: {fileID: 6043476519064663831}
  m_RootOrder: 0
  m_LocalEulerAnglesHint: {x: 0, y: 0, z: 0}
--- !u!1 &6043476519064759163
GameObject:
  m_ObjectHideFlags: 0
  m_CorrespondingSourceObject: {fileID: 0}
  m_PrefabInstance: {fileID: 0}
  m_PrefabAsset: {fileID: 0}
  serializedVersion: 6
  m_Component:
  - component: {fileID: 6043476519064663835}
  m_Layer: 0
  m_Name: B_L_Finger1
  m_TagString: Untagged
  m_Icon: {fileID: 0}
  m_NavMeshLayer: 0
  m_StaticEditorFlags: 0
  m_IsActive: 1
--- !u!4 &6043476519064663835
Transform:
  m_ObjectHideFlags: 0
  m_CorrespondingSourceObject: {fileID: 0}
  m_PrefabInstance: {fileID: 0}
  m_PrefabAsset: {fileID: 0}
  m_GameObject: {fileID: 6043476519064759163}
  m_LocalRotation: {x: -0.00039816086, y: -9.372555e-10, z: 0.000000014900787, w: 0.99999994}
  m_LocalPosition: {x: -0.0692605, y: -0.0105429385, z: -0.019627262}
  m_LocalScale: {x: 1.0000001, y: 1.0000001, z: 0.9999997}
  m_Children:
  - {fileID: 6043476519064663867}
  m_Father: {fileID: 6043476519064663811}
  m_RootOrder: 1
  m_LocalEulerAnglesHint: {x: 0, y: 0, z: 0}
--- !u!1 &6043476519064759165
GameObject:
  m_ObjectHideFlags: 0
  m_CorrespondingSourceObject: {fileID: 0}
  m_PrefabInstance: {fileID: 0}
  m_PrefabAsset: {fileID: 0}
  serializedVersion: 6
  m_Component:
  - component: {fileID: 6043476519064663837}
  - component: {fileID: 6043476519074240719}
  m_Layer: 0
  m_Name: Model
  m_TagString: Untagged
  m_Icon: {fileID: 0}
  m_NavMeshLayer: 0
  m_StaticEditorFlags: 0
  m_IsActive: 1
--- !u!4 &6043476519064663837
Transform:
  m_ObjectHideFlags: 0
  m_CorrespondingSourceObject: {fileID: 0}
  m_PrefabInstance: {fileID: 0}
  m_PrefabAsset: {fileID: 0}
  m_GameObject: {fileID: 6043476519064759165}
  m_LocalRotation: {x: 0, y: 0, z: 0, w: 1}
  m_LocalPosition: {x: 0, y: 0, z: 0}
  m_LocalScale: {x: 1, y: 1, z: 1}
  m_Children:
  - {fileID: 6043476519064663777}
  - {fileID: 6043476519064663805}
  m_Father: {fileID: 492744460022811196}
  m_RootOrder: 1
  m_LocalEulerAnglesHint: {x: 0, y: 0, z: 0}
--- !u!95 &6043476519074240719
Animator:
  serializedVersion: 3
  m_ObjectHideFlags: 0
  m_CorrespondingSourceObject: {fileID: 0}
  m_PrefabInstance: {fileID: 0}
  m_PrefabAsset: {fileID: 0}
  m_GameObject: {fileID: 6043476519064759165}
  m_Enabled: 1
  m_Avatar: {fileID: 9000000, guid: e42d9259129992a4d95e0b320ca2a43d, type: 3}
  m_Controller: {fileID: 9100000, guid: 644d7842087695b48b9aded77ad7a010, type: 2}
  m_CullingMode: 1
  m_UpdateMode: 0
  m_ApplyRootMotion: 0
  m_LinearVelocityBlending: 0
  m_WarningMessage: 
  m_HasTransformHierarchy: 1
  m_AllowConstantClipSamplingOptimization: 1
  m_KeepAnimatorControllerStateOnDisable: 0
--- !u!1 &6043476519064759167
GameObject:
  m_ObjectHideFlags: 0
  m_CorrespondingSourceObject: {fileID: 0}
  m_PrefabInstance: {fileID: 0}
  m_PrefabAsset: {fileID: 0}
  serializedVersion: 6
  m_Component:
  - component: {fileID: 6043476519064663839}
  m_Layer: 0
  m_Name: B_L_UpperArm
  m_TagString: Untagged
  m_Icon: {fileID: 0}
  m_NavMeshLayer: 0
  m_StaticEditorFlags: 0
  m_IsActive: 1
--- !u!4 &6043476519064663839
Transform:
  m_ObjectHideFlags: 0
  m_CorrespondingSourceObject: {fileID: 0}
  m_PrefabInstance: {fileID: 0}
  m_PrefabAsset: {fileID: 0}
  m_GameObject: {fileID: 6043476519064759167}
  m_LocalRotation: {x: 0.06598406, y: -0.4408319, z: 0.022487488, w: 0.89487857}
  m_LocalPosition: {x: -0.10881429, y: 0.00000001525879, z: -0.00000006103516}
  m_LocalScale: {x: 0.99999976, y: 0.9999997, z: 1.0000002}
  m_Children:
  - {fileID: 6043476519064663809}
  m_Father: {fileID: 6043476519064663919}
  m_RootOrder: 0
  m_LocalEulerAnglesHint: {x: 0, y: 0, z: 0}
--- !u!1 &8625055893725164490
GameObject:
  m_ObjectHideFlags: 0
  m_CorrespondingSourceObject: {fileID: 0}
  m_PrefabInstance: {fileID: 0}
  m_PrefabAsset: {fileID: 0}
  serializedVersion: 6
  m_Component:
  - component: {fileID: 8625055893725589418}
  - component: {fileID: 8625055893724295090}
  - component: {fileID: 8625055893723164018}
  m_Layer: 0
  m_Name: SM_2Hand-Sword
  m_TagString: Untagged
  m_Icon: {fileID: 0}
  m_NavMeshLayer: 0
  m_StaticEditorFlags: 0
  m_IsActive: 1
--- !u!4 &8625055893725589418
Transform:
  m_ObjectHideFlags: 0
  m_CorrespondingSourceObject: {fileID: 0}
  m_PrefabInstance: {fileID: 0}
  m_PrefabAsset: {fileID: 0}
  m_GameObject: {fileID: 8625055893725164490}
  m_LocalRotation: {x: 0, y: 0, z: 0, w: 1}
  m_LocalPosition: {x: -0.048, y: 0, z: -0}
  m_LocalScale: {x: 1, y: 1, z: 1}
  m_Children: []
  m_Father: {fileID: 6043476519064663823}
  m_RootOrder: 5
  m_LocalEulerAnglesHint: {x: 0, y: 0, z: 0}
--- !u!33 &8625055893724295090
MeshFilter:
  m_ObjectHideFlags: 0
  m_CorrespondingSourceObject: {fileID: 0}
  m_PrefabInstance: {fileID: 0}
  m_PrefabAsset: {fileID: 0}
  m_GameObject: {fileID: 8625055893725164490}
  m_Mesh: {fileID: 4300018, guid: 9b8801d8aa383584b8c3f62346c33539, type: 3}
--- !u!23 &8625055893723164018
MeshRenderer:
  m_ObjectHideFlags: 0
  m_CorrespondingSourceObject: {fileID: 0}
  m_PrefabInstance: {fileID: 0}
  m_PrefabAsset: {fileID: 0}
  m_GameObject: {fileID: 8625055893725164490}
  m_Enabled: 1
  m_CastShadows: 1
  m_ReceiveShadows: 1
  m_DynamicOccludee: 1
  m_MotionVectors: 1
  m_LightProbeUsage: 1
  m_ReflectionProbeUsage: 1
  m_RayTracingMode: 2
  m_RayTraceProcedural: 0
  m_RenderingLayerMask: 1
  m_RendererPriority: 0
  m_Materials:
  - {fileID: 2100000, guid: 31321ba15b8f8eb4c954353edc038b1d, type: 2}
  m_StaticBatchInfo:
    firstSubMesh: 0
    subMeshCount: 0
  m_StaticBatchRoot: {fileID: 0}
  m_ProbeAnchor: {fileID: 0}
  m_LightProbeVolumeOverride: {fileID: 0}
  m_ScaleInLightmap: 1
  m_ReceiveGI: 1
  m_PreserveUVs: 0
  m_IgnoreNormalsForChartDetection: 0
  m_ImportantGI: 0
  m_StitchLightmapSeams: 1
  m_SelectedEditorRenderState: 3
  m_MinimumChartSize: 4
  m_AutoUVMaxDistance: 0.5
  m_AutoUVMaxAngle: 89
  m_LightmapParameters: {fileID: 0}
  m_SortingLayerID: 0
  m_SortingLayer: 0
  m_SortingOrder: 0
  m_AdditionalVertexStreams: {fileID: 0}
